@InBook{chametzky2003,
  author =       {Chametzky, Robert A.},
  title =        {Phrase Structure},
  booktitle =    {Minimalist Syntax},
  pages =        {192--225},
  year =         2003,
  publisher =    {Blackwell Publishing},
  address =      {Malden, MA}
}

@Book{chomsky1995,
  title =        {The Minimalist Program},
  author =       {Chomsky, Noam},
  isbn =         9780262531283,
  lccn =         95004654,
  series =       {Current studies in linguistics series},
  url =          {https://books.google.com/books?id=vtPQiYCNpjgC},
  year =         1995,
  publisher =    {MIT Press}
}

@Misc{dost2011,
  author =       {Dost, Sjoerd and Rick Sen},
  title =        {Minimalist Grammars, en hoe ze te parsen},
  howpublished = {\href{http://www.phil.uu.nl/cgram/2011/Slides/MGParsing.pdf}{Online}},
  month =        {Nov},
  year =         2011,
}

@Inproceedings{fowlie2014,
  title =        {Adjuncts and Minimalist Grammars},
  author =       {Fowlie, Meaghan},
  booktitle =    {Proceedings of Formal Grammar 2014},
  editor =       {Glyn Morrill and Reinhard Muskens and Rainer Osswald
                  and Frank Richter},
  series =       {Lecture Notes in Computer Science},
  volume =       8612,
  pages =        {34-51},
  year =         2014
}



@PhdThesis{fowlie2015,
  author =       {Fowlie, Meaghan},
  title =        {Chapter 7, Minimalist Grammars with Adjunction},
  school =       {UCLA},
  year =         2015
}

@Article{fujita2009,
  title =        {A prospect for evolutionary adequacy: Merge and the
                  evolution and development of human language},
  author =       {Fujita, Koji},
  journal =      {Biolinguistics},
  volume =       3,
  number =       {2--3},
  pages =        {128--153},
  year =         2009
}

@Article{goldberg2001,
  author =       {Goldberg, Adele E. and Ferrell Ackerman},
  title =        {The Pragmatics of Obligatory Adjuncts},
  journal =      {Language},
  volume =       77,
  number =       4,
  pages =        {798--814},
  year =         2001
}

@InBook{grimshaw1993,
  author =       {Grimshaw, Jane and Sten Vikner},
  title =        {Obligatory adjuncts and the structure of events},
  booktitle =    {Knowledge and language},
  pages =        {143--56},
  year =         1993,
  publisher =    {Kluwer Acamedic Publishers},
  address =      {Dordrecht}
}

@PhdThesis{harkema2001,
  author =       {Harkema, Hendrik},
  title =        {Parsing Minimalist Languages},
  school =       {UCLA},
  year =         2001
}

@Article{hornstein2008a,
  title =        {Adjunction, Labeling, and Bare Phrase Structure},
  author =       {Hornstein, Norbert and Jairo Nunes},
  journal =      {Biolinguistics},
  volume =       2,
  number =       1,
  pages =        {057--086},
  year =         2008
}

@Book{hornstein2008b,
  title =        {A Theory of Syntax: Minimal Operations and Universal
                  Grammar},
  author =       {Hornstein, Norbert},
  isbn =         9781139473323,
  url =          {https://books.google.com/books?id=LAKLBUwwbLkC},
  year =         2008,
  publisher =    {Cambridge University Press}
}

@Book{hunter2011,
  author =       {Hunter, Tim},
  title =        {Syntactic Effects of Cunjunctivist Semantics:
                  Unifying movement and adjunction},
  publisher =    {John Benjamins Publishing Co.},
  year =         2011,
  volume =       170,
  series =       {Linguistik Aktuell/Linguistics Today},
}

@Article{michaelis2001,
  author =       {Michaelis, Jens},
  title =        {Transforming Linear Context-Free Rewriting Systems
                  into Minimalist Grammars},
  journal =      {Logical Aspects of Computational Linguistics},
  volume =       2099,
  pages =        {228--244},
  year =         2001
}

@InProceedings{nakanishi1997,
  author =       {Nakanishi, Ryuichi and Keita Takada and Hiroyuki
                  Seki},
  title =        {An Efficient Recognition Algorithm for Multiple
                  Context-Free Languages},
  booktitle =    {In Proceedings of the Fifth Meeting on Mathematics
                  of Language, MOL5},
  year =         1997
}

@Article{roeper2011,
  title =        {The Acquisition of Recursion: How Formalism
                  Articulates the Child's Path},
  author =       {Roeper, Tom},
  journal =      {Biolinguistics},
  volume =       5,
  number =       {1-2},
  pages =        {57--86},
  year =         2011
}

@Article{seki1991,
  title =        {On multiple context-free grammars},
  author =       {Seki, Hiroyuki and Takashi Matsumura and Mamoru
                  Fujii and Tadao Kasami},
  journal =      {Theoretical Computer Science},
  volume =       88,
  number =       2,
  pages =        {191--229},
  year =         1991
}

@Book{sportiche2013,
  author =       {Sportiche, Dominique and Hilda Koopman and Edward
                  Stabler},
  title =        {An Introduction to Syntactic Analysis and Theory},
  isbn =         9781405100168,
  year =         2013,
  publisher =    {Wiley-Blackwell}
}

@Misc{stabler2001,
  author =       {Stabler, Edward},
  title =        {Minimalist Grammars and Recognition},
  year =         2001
}

@Article{stabler2013,
  author =       {Stabler, Edward},
  title =        {Two models of minimalist, incremental syntactic
                  analysis},
  journal =      {Topics in Cognitive Science},
  volume =       5,
  number =       3,
  pages =        {611--633},
  year =         2013
}

@Book{radford1988,
  title =        {Transformational Grammar: A First Course},
  author =       {Radford, Andrew},
  isbn =         9780521148634,
  series =       {Cambridge textbooks in linguistics},
  url =          {https://books.google.com/books?id=o6bPylFd1rMC},
  year =         2009,
  publisher =    {Cambridge University Press}
}
